
%
%  $Description: Sample bibliography$
%
%  $Author: silke $
%  $Date: 2004/04/29 11:15:58 $
%  $Revision: 1.7 $
%

@TechReport{Arvind91,
   author = "K. Arvind and K. Ramamrithm and J. A. Stankovic",
   title = "A Local Area Network Architecture for Communication in Distributed Real-Time Systems",
   number = "UM-CS-1991-004",
   institution = "Dept. of Computer Science",
   address = "Univ. of Massachusetts at Amherts",
   year = "1991"
}

@Article{Barabanov96,
   author = "M. Barabanov and V. Yodaikan",
   title = "Real-Time Linux",
   journal = "Linux Journal",
   year = "1996"
}

@MastersThesis{Barabanov97,
   author = "M. Barabanov",
   title = "A Linux-based Real-Time Operating Systems",
   school = "New Mexico Institution of Mining and Technology",
   year = "1997"
}

@Article{Birell84,
   author = "A. Birell and B. Nelson",
   title = "Implementing Remote Procedure Call",
   journal = "ACM Transaction on Computer System",
   volume = "Vol. 2",
   pages = "39-59",
   year = "1984"
}

@Manual{Bosch91,
   organization = "ROBERT BOSCH GmbH",
   title = "CAN Specification Version 2.0",
   year = "1991"
}

@Article{Day83,
   author = "D. Day and H. Zimmerman",
   title = "The OSI Reference Model",
   journal = "Proceedings of the IEEE",
   volume = "Vol. 71",
   number = "12",
   pages = "1334-1340",
   year = "1983"
}

@Article{Dijkstra65,
   author = "E. W. Dijkstra",
   title = "Solutions in Concurrent Programming Control",
   journal = "Communications of the ACM (CACM)",
   volume = "Vol. 8",
   number = "No. 9",
   pages = "569",
   year = "1965"
}

@Manual{Dolphin96,
   organization = "Dolphin Interconnect Solutions",
   title = "PCI-SCI Cluster Adapter Specification",
   note = "White Paper",
   year = "1996"
}

@Manual{Dolphin97,
   organization = "Dolphin Interconnect Solutions",
   title = "PCI-SCI Adapter Programming Specification",
   note = "Confidential Draft",
   year = "1997"
}

@PhdThesis{Dormanns_Diss,
   author = "M. Dormanns",
   title = "Parallelisierung gitterbasierter Algorithmen auf NUMA Verbundsystemen mit gemeinsamen Speicher",
   school = "Lehrstuhl f{\"u}r Betriebssysteme, RWTH Aachen",
   year = "1999"
}

@InProceedings{Dormanns99,
   author = "M. Dormanns and S. Lankes and T. Bemmerl and G. Bolz and E. Pfeiffle",
   title = "Parallelization of an Airline Flight-Scheduling Module on a SCI-Coupled NUMA Shared Memory Cluster",
   Booktitle = "High Performance Computing Systems and Applications (HPCS)",
   address = "Kingston, Canada",
   month = "June",
   year = "1999"
}

@Book{Douglass99,
   author = "B. P. Douglass",
   title = "Doing Hard Time -- Developing Real-Time Systems with UML, Objects, Frameworks and Patterns",
   publisher = "Addison-Wesley",
   year = "1999"
}

@Book{Gallmeister95,
   author = "B. O. Gallmeister",
   title = "POSIX.4 -- Programming for the Real World",
   publisher = "O´Reilly {\&} Associates, Inc.",
   year = "1995"
}

@InProceedings{Hardin01,
   author = "D. Hardin",
   title = "Real-Time Objects on the Bare Metal -- An Efficient Hardware Realization of the Java Virtual Machine",
   Booktitle = "4th IEEE International Symposium on Object-Oriented Real-Time Distributed Computing (ISORC 2001)",
   address = "Magdeburg, Germany",
   month = "May",
   year = "2001"
}

@InProceedings{Harrison97,
   author = "T. H. Harrison and D. L. Levine and D. C. Schmidt",
   title = "{T}he {D}esign and {P}erformance of a {R}eal-{T}ime {CORBA} {E}vent {S}ervice",
   Booktitle = "Proceedings of OOPSLA '97",
   organization = "ACM",
   year = "1997"
}

@Book{Hennessy95,
   author = "J. L. Hennessy and D. A. Patterson",
   title = "Computer Architecture: A Quantitative Approach -- second edition",
   publisher = "Morgan Kaufmann Publishers",
   year = "1995"
}

@Book{Henning99,
   author = "M. Henning and S. Vinoski",
   title = "Advanced CORBA Programming with C++",
   publisher = "Addison-Wesley",
   year = "1999"
}

@Manual{IEEE92a,
   organization = "IEEE",
   title = "ANSI/IEEE Std. 1596-1992, Scalable Coherent Interface (SCI)",
   year = "1992"
}

@Manual{IEEE92b,
   organization = "IEEE",
   title = "P1596.6, SCI/RT -- Scalable Coherent Interface for Real-Time Applications",
   publisher = "unapproved draft",
   year = "1992"
}

@Unpublished{James95,
   author =  "D. James and D. Gustavson",
   title = "Draft Proposal for Real-Time Transaction on SCI",
   note = "Draft Proposal",
   year = "1995"
}

@Manual{JConsortium00,
   organization = "J Consortium",
   title = "Real-Time Core Extensions Revision 1.0.14",
   year = "2000"
}

@InProceedings{Kaiser98,
   author ="J. Kaiser and M.A. Livani", 
   title = "Invocation of Real-Time Objects in a CAN Bus-System", 
   Booktitle = "1st IEEE International Symposium on Object-Oriented Real-Time Distributed Computing (ISORC 1998)", 
   address = "Kyoto, Japan", 
   manoth = "April",
   year = "1998" 
}

@InProceedings{Kaiser99,
   author = "J. Kaiser and M. Mock",
   title = "{I}mplementing the {R}eal-{T}ime {P}ublisher/{S}ubscriber {M}odel on the {C}ontroller {A}rea {N}etwork ({CAN})",
   Booktitle = "2nd IEEE International Symposium on Object-Oriented Real-Time Distributed Computing (ISORC 1999)",
   address = "Saint-Malo. France",
   month = "May",
   year = "1999"
}

@InProceedings{Kim94,
   author = "K. H. Kim and H. Kopetz",
   title = "A Real-Time Object Model RTO.k and Experimental Investigation of Its Potentials",
   Booktitle = "18th IEEE Computer Software and Application Conference",
   month = "November",
   pages = "392-402",
   year = "1994"
}

@Article{Kim97,
   author = "K. H. Kim",
   title = "Object Structures for Real-time Systems and Simulators",
   journal = "IEEE Computer",
   volume = "Vol. 30",
   number = "No. 8",
   month = "August",
   pages = "62-70",
   year = "1997"
}

@InProceedings{Kim99,
   author = "K. H. Kim and E. H. Shokri",
   title = "Two CORBA Services Enabling TMO Network Programming",
   Booktitle = "IEEE CS 4th Int'l Workshop on Object-Oriented Real-Time Dependable Systems (WORDS 1999)",
   address = "Santa Barbara, USA",
   month = "January",
   year = "1999"
}

@InProceedings{Kim99a,
   author = "K. H. Kim and M. Ishida and J. Liu",
   title = "An Efficient Middleware Architecture Supporting Time-Triggered Message-Triggered Objects and an NT-based Implementation",
   Booktitle = "2nd IEEE International Symposium on Object-Oriented Real-Time Distributed Computing (ISORC 1999)",
   address = "Saint Malo, France",
   month = "May",
   year = "1999"
}

@InProceedings{Kim01,
   author = "K. H. Kim and J. Q. Liu and H. Miyazaki and E. H. Shokri",
   title = "TMOES: A CORBA Service Middleware Enabling High-Level Real-Time Object Programming",
   Booktitle = "IEEE CS 5th Int'l Symp. on Autonomous Decentralized Systems (ISADS 2001)",
   address = "Dallas, USA",
   month = "March",
   year = "2001"
}

@InProceedings{Kopetz93,
   author = "H. Kopetz and G. Grünsteidl",
   title = "TTP - A Time Triggered Protocol for Fault-Tolerant Real-Time Systems",
   Booktitle = "23rd IEEE Int'l Symp. on Fault-Tolerant Computing (FTCS-23)",
   address = "Toulouse, France",
   year = "1993"
}

@Article{Kopetz87,
   author = "H. Kopetz and W. Ochsenreiter",
   title = "Clock Synchronization in Distributed Real-Time Systems",
   journal = "IEEE Trans. on Computer",
   volume = "Vol. 36",
   number = "No. 8",
   month = "August",
   pages = "933-940",
   year = "1987"
}

@Book{Kopetz97,
   author = "H. Kopetz",
   title = "Real-Time Systems -- Design Principles for Distributed Embedded Applications",
   publisher = "Kluwer Academic Publishers",
   year = "1997"
}

@InProceedings{Kopetz98,
   author = "H. Kopetz",
   title = "A Comparison of CAN and TTP",
   Booktitle = "Proc. of the IFAC Distributed Computer Systems Workshop",
   address = "Como, Italy",
   month = "September",
   year = "1998"
}

@InProceedings{Krall98,
   author = "A. Krall",
   title = "Efficient JavaVM Just-in-Time Compilation",
   Booktitle = "Proceedings of the International Conference on Parallel Architectures and Compilation Techniques (PACT 1998)",
   address = "Paris, France",
   month = "October",
   year = "1998"
}

@Article{Lamport85,
   author = "L. Lamport and P. M. Melliar-Smith",
   title = "Synchronizing Clocks in the Presence of Faults", 
   journal = "Journal of the ACM", 
   volume = "Vol. 21", 
   pages = "52-78", 
   year = "1985"
}

@Article{Lamport82,
	author = "L. Lamport and R. Shostak and M. Pease",
	title = "The Byzantine Generals Problem", 
	journal = "ACM Trans. on Programming Lang. and Systems", 
	volume = "Vol. 4", 
	number = "3", 
	pages = "382-401", 
	year = "1982"
}
	
@InProceedings{Lankes01,
   author = "S. Lankes and M. Pfeiffer and T. Bemmerl",
   title = "{D}esign and {I}mplementation of a {SCI}-based {R}eal-{T}ime {CORBA}",
   Booktitle = "4th IEEE International Symposium on Object-Oriented Real-Time Distributed Computing (ISORC 2001)",
   address = "Magdeburg, Germany",
   month = "May",
   year = "2001"
}

@InProceedings{Lankes02,
   author = "S. Lankes and M. Reke and A. Jabs",
   title = "{A} {T}ime-{T}riggered {E}thernet {P}rotocol for {R}eal-{T}ime {CORBA}",
   Booktitle = "5th IEEE International Symposium on Object-Oriented Real-Time Distributed Computing (ISORC 2002)",
   address = "Washington DC, USA",
   month = "April",
   year = "2002"
}

@MastersThesis{Lankes98,
   author = "S. Lankes",
   title = "Parallelisierung einer Komponente eines Flugplanungs-Codes auf einem speichergekoppeltem PC-Cluster",
   school = "Lehrstuhl f{\"u}r Betriebssysteme, RWTH Aachen",
   month = "April",
   year = "1998"
}

@Manual{LfBS02,
   organization = "Lehrstuhl f{\"u}r Betriebssysteme, RWTH Aachen",
   title = "Betriebssysteme II",
   note = "Skript zur Vorlesung",
   year = "2002"
}

@Manual{LfBS00,
   organization = "Lehrstuhl f{\"u}r Betriebssysteme, RWTH Aachen",
   title = "Betriebssysteme I",
   note = "Skript zur Vorlesung",
   year = "2000"
}

@Article{Liu73,
   author = "C. L. Liu and J. W. Layland",
   title = "Scheduling Algorithms for Multiprogramming in a Hard Real-Time Environment",
   journal = "Journal of the ACM",
   volume = "Vol. 20",
   number = "1",
   pages = "46-61",
   year = "1973"
}

@Article{Merkle97,
   author = "B. Merkle",
   title = "RMI -- Verteilte Objekte",
   journal = "iX 12/97",
   pages = "130-135",
   year = "1997"
}

@Book{Meyer96,
   author = "H. Meyer",
   title = "Regelungstechnik und Systemtheorie",
   publisher = "2. Auflage, Lehrstuhl f{\"u}r integrierte Systeme der Signalverarbeitung, RWTH Aachen",
   year = "1996"
}

@Manual{Microsoft96,
   organization = "Microsoft Corporation",
   title = "DCOM Technical Overview",
   note = "White Paper",
   year = "1996"
}

@Manual{Microsoft98,
   organization = "Microsoft Corporation",
   title = "DCOM Architecture",
   note = "White Paper",
   year = "1998"
}

@InProceedings{Miguel01,
   author = "M. A. Miguel",
   title = "Solutions to Make Java-RMI Time Predictable",
   Booktitle = "4th IEEE International Symposium on Object-Oriented Real-Time Distributed Computing (ISORC 2001)",
   address = "Magdeburg, Germany",
   month = "May",
   year = "2001"
}

@TechReport{Mills92,
   author = "D. L. Mills",
   title = "Modelling and Analysis of Computer Network Clocks", 
   number = "92-5-2",
   institution = "Electrical Engineering Department",
   address = "University of Delaware",	
   year = "1992"
}

@Article{Mukherjee98,
   author = "S. S. Mukherjee and M. D. Hill",
   title = "Making Network Interface Less Peripheral",
   journal = "IEEE Computer",
   volume = "3",
   number = "10",
   pages = "70-76",
   year = "1998"
}

@Book{Oestereich98,
   author = "B. Oestereich",
   title = "Objektorientierte Softwareentwicklung -- Analyse und Design mit der Unified Modeling Language",
   publisher = "4. aktualisierte Auflage, R. Oldenbourg Verlag",
   year = "1998"
}

@Manual{OMG98a,
   organization = "OMG Technical Document formal/98-07-01",
   title = "The Common Object Request Broker -- Architecture and Specification",
   edition = "2.2",
   year = "1998"
}

@Manual{OMG98b,
   organization = "OMG Technical Document orbos/98-10-05",
   title = "Realtime CORBA -- Joint Submission",
   year = "1998"
}

@Manual{OMG98c,
   organization = "OMG Technical Document orbos/98-08-04",
   title = "minimumCORBA -- Joint Submission",
   year ="1998"
}

@Manual{OMG01a,
   organization = "OMG Technical Document formal/01-03-01",
   title = "Event Service Specification",
   edition = "1.1",
   year = "2001"
}

@Manual{OMG02a,
   organization = "OMG Technical Document formal/02-05-08",
   title = "The Common Object Request Broker -- Architecture and Specification",
   edition = "2.6.1",
   year = "2002"
}

@Manual{OMG02b,
   organization = "OMG Technical Document formal/02-09-02",
   title = "Naming Service Specification",
   edition = "1.2",
   year = "2002"
}

@Manual{OSF92a,
   organization = "Open Software Foundation",
   title = "Introduction to OSF DCE",
   year ="1992"
}

@Manual{OSF92b,
   organization = "Open Software Foundation",
   title = "DCE Application Development Guide",
   year ="1992"
}

@TechReport{Paas97,
   author = "S. M. Paas and M. Dormanns and T. Bemmerl and K. Scholtyssik and S. Lankes",
   title = "Computing on a Cluster of PCs -- Project Overview and Early Experiences",
   institution = "Dep. of Comp Science, TU Chemnitz, Germany",
   number = "CSR-97-05",
   year = "1997"
}

@InProceedings{Pfeffer02,
   author = "M. Pfeffer and S. Uhrig and Th. Ungerer and M. Brinkschulte",
   title = "A Real-Time Java System on a Multithreaded Java Microcontroller",
   Booktitle = "5th IEEE International Symposium on Object-Oriented Real-Time Distributed Computing (ISORC 2002)",
   address = "Washington DC, USA",
   month = "May",
   year = "2002"
}

@InProceedings{Pfeifer99,
   author = "H. Pfeifer and D. Schwier and F. W. von Henk",
   title = "Formal Verification for Time-Triggered Clock Synchronization",
   Booktitle = "7th IFIP Working Conference on Dependable Computing for Critical Application (DCCA-7)",
   address = "San Jose, USA",
   month = "January",
   year = "1999"
}

@Book{Pfister95,
   author = "G. F. Pfister",
   title = "In Search of Cluster -- The Coming Battle in Lowly Parallel Computing",
   publisher = "Prentice Hall",
   year = "1995"
}

@Book{Popien98,
   author = "C. Linnhoff-Popien",
   title = "CORBA -- Kommunikation und Management",
   publisher = "Springer Verlag",
   year = "1998"
}

@Book{Popien95,
   author = "C. Popien and G. Sch{\"u}rmann and K.-H. Wei{\ss}",
   title = "Verteilte Verarbeitung in Offenen Systemen",
   publisher = "B.G. Teubner Stuttgart",
   year = "1995"
}

@InProceedings{Rajkumar98,
   author = "R. Rajkumar and M. Gagliardi and L. Sha",
   title = "{T}he {R}eal-{T}ime {P}ublisher/{S}ubscriber {I}nter-{P}rocess {C}ommunication {M}odel for {D}istributed {R}eal-{T}ime {S}ystems: {D}esign and {I}mplementation",
   booktitle = "Proceedings of the IEEE Real-time Technology and Applications Symposium",
   month = "June",
   year = "1995"
} 

@Article{Ram90,
   author = "P. Ramanathan and K. G. Shin and R. W. Butler",
   title = "Fault-Tolerant Clock Synchrnization in Distributed Systems",
   journal = "IEEE Computer",
   volume = "Vol. 23",
   number = "No. 10",
   month = "October",
   pages = "33-42",
   year = "1990"
}

@InProceedings{Ramamritham98,
   author = "K. Ramamritham and C. Shen and G. Gonzalez and S. Sen and S. Shirgurkar",
   title = "Using Windows NT for Real-Time Applications: Experimental Observartions and Recommendation",
   Booktitle = "Proceedings of the Fourth IEEE Real-Time Technology and Applications",
   address = "Denver",
   year = "1998"
}

@MastersThesis{Reke01,
   author = "M. Reke",
   title = "Entwicklung und Implementierung eines Netzwerkkarten-Treibers sowohl unter Linux als auch RTLinux zur Realisierung eines echtzeitf{\"a}higen Netzwerkprotokolls",
   school = "Lehrstuhl f{\"u}r Betriebssysteme, RWTH Aachen",
   month = "February",
   year = "2001"
}

@Manual{RTJ01,
   organization = {The Real Time for Java Experts Group},
   title = "Real-Time Specification for Java",
   note = "Version 1.0",
   year = "2001"
}

@InProceedings{Sarwar00,
   author = "M. Sarwar and A. George and D. Collins, D.",
   title = "Simulative Reliability Analysis of SCI Ring-based Topologies",
   Booktitle = "Proc. of IEEE Conference on Local Computer Networks (LCN)",
   address = "Tampa",
   year = "2000"
}

@Article{Schmidt00,
   author = "D. C. Schmidt and F. Kuhns",
   title = "{A}n {O}verview of the {R}eal-{T}ime {CORBA} {S}pecification",
   journal = "IEEE Computer",
   volume = "33",
   number = "6",
   pages = "56-63",
   year = "2000"
}

@Book{Schmidt01,
   author = "D. C. Schmidt and S. D. Huston",
   title = "C++ Network Programming -- Mastering Complexity Using ACE and Patterns",
   publisher = "Addison-Wesley",
   year = "2001"
}

@InProceedings{Schmidt02,
   author = "R. Klefstad and D. C. Schmidt and C. O'Ryan",
   title = "{T}owards {H}ighly {C}onfigurable {R}eal-{T}ime {O}bject {R}equest {B}roker",
   Booktitle = "5th IEEE International Symposium on Object-Oriented Real-Time Distributed Computing (ISORC 2002)",
   address = "Washington DC, USA",
   month = "April",
   year = "2002"
}

@Article{Schmidt02a,
   author = "I. Pyarali and D. C. Schmidt and R. K. Cytron",
   title = "{T}echniques for {E}nhancing {R}eal-{t}ime {CORBA} {Q}uality of {S}ervice",
   journal = "Submitted to the IEEE Proceedings",
   year = "2002"
}

@Book{Schmidt_Buch,
   author = "D. C. Schmidt and S. D. Huston",
   title = "C++ Network Programming, Volume 1: Mastering Complexity with ACE and Patterns",
   publisher = "Addison-Wesley",
   year = "2002"
}

@Book{Shanley98,
   author = "T. Shanley",
   title = "Pentium Pro and Pentium II Architecture",
   publisher = "Addison-Wesley",
   year = "1998"
}

@Book{Siegel00,
   author = "J. Siegel",
   title = "CORBA 3 -- Fundamentals and Programming, Second Edition",
   publisher = "OMG Press",
   year = "2000"
}

@Book{Silberschatz98,
   author = "A. Silberschatz and J. Peterson and P. Galvin",
   title = "Operating System Concepts",
   publisher = "5. Edition, Addison-Wesley",
   year = "1998"
}

@Manual{Sun98,
   organization = "Sun Microsystem",
   title = "Java Remote Methode Invocation -- Distributed Computing for Java",
   note = "White Paper",
   year = "1998"
}

@Book{Tanenbaum01,
   author = "A. S. Tanenbaum",
   title = "Modern Operating Systems",
   publisher = "Second Edition, Prentice Hall",
   year = "2001"
}

@Book{Tanenbaum02,
   author = "A. S. Tanenbaum and M. van Stean",
   title = "Distributed Systems -- Principles and Paradigms",
   publisher = "Prentice Hall",
   year = "2002"
}

@Book{Tietze93,
   author = "U. Tietze and Ch. Schenk",
   title = "Halbleiter-Schaltungstechnik",
   publisher = "10. Ausgabe, Springer Verlag",
   year = "1993"
}

@Article{Timmerman97,
   author = "M. Timmerman",
   title = "Windows NT as Real-Time OS",
   journal = "Real-Time Magazine, 2Q97 Issue",
   year = "1997"
}

@Article{Timmerman99,
   author = "M. Timmerman",
   title = "RTOS Market Overview -- A follow up",
   journal = "Real-Time Magazine, 2Q99 Issue",
   year = "1999"
}

@InProceedings{TKim00a,
   author = "T. Kim and K. Kim and G. Jeon and S. Hong and S. Kim",
   title = "{I}ntegrating {S}ubscription-based and {C}onnection-oriented {C}ommunications into the {E}mbedded {CORBA} for the {CAN} {B}us",
   booktitle = "IEEE Real-time Technology and Application Symposium",
   address = "Washington D.C., USA",
   month = "May", 
   year = "2000"
}

@InProceedings{TKim00b,
   author = "T. Kim and G. Jeon and S. Hong",
   title = "{S}eamless {I}ntegration of {R}eal-{T}ime {C}ommunications into {CAN-CORBA} with {E}xtended {IDL} and {F}ast-{T}rack {M}essages",
   booktitle = "IFAC Workshop on Distributed Computer Control Systems (DCCS)",
   address = "Sydney, Australia",
   month = "December", 
   year = "2000"
}

@InProceedings{TKim00c,
   author = "T. Kim and K. Kim and G. Jeon and S. Hong",
   title = "{R}esource-{C}onscious {C}ustomization of {CORBA} for {CAN-B}ased {D}istributed {E}mbedded {S}ystems",
   booktitle = "IEEE International Symposium on Object-Oriented Real-Time Computing",
   address = "Newport Beach, CA, USA",
   month = "March", 
   year = "2000"
}

@Manual{TTTech99,
   organization = "TTTech Computertechnik",
   title = "Specification of the TTP/C Protocol",
   year = "1999"
}

@TechReport{Yodaiken99,
   author = "V. Yodaiken",
   title = "The RT Linux Manifesto",
   institution = "Department of Computer Science, New Mexico Institute of Technology, USA",
   year = "1999"
}

@InProceedings{Wellings02,
   author = "A. Wellings and R. Clark and D. Jensen and D. Wells",
   title = "A Framework for Integrating the Real-Time Java Specification for Java and Java's Remote Methode Invocation",
   Booktitle = "5th IEEE International Symposium on Object-Oriented Real-Time Distributed Computing (ISORC 2002)",
   address = "Washington DC, USA",
   month = "April",
   year = "2002"
}

@Article{Wenkebach97,
   author = "U. Wenkebach",
   title = "CAN in der Medizintechnik",
   journal = "Elektronik",
   volume = "16Q97 Issue",
   year = "1997"
}

@Manual{3Com98,
   organization = "3Com Corporation",
   title = "3C90x and 3C90xB NICs Technical Reference",
   year = "1998"
}

@Book{Zoebel95,
   author = "D. Z{\"o}bel and W. Albrecht",
   title = "Echtzeitsysteme -- Grundlagen und Techniken",
   publisher = "Thomson Publishing",
   year = "1995"
}


% Parallel Computing Stuff
@InProceedings{MPICH-G:98,
author = "I. Foster and N. Karonis",
title = "A Grid-Enabled MPI: Message Passing in Heterogeneous Distributed Computing Systems",
year =1998,
month=November,
booktitle="Proceedings 1998 SC Conference",
}

@InProceedings{Imamura:2000:AS,
author = "Toshiyuki Imamura, Yuichi Tsujita, Hiroshi Koide and Hiroshi Takemiya",
title = "An Architecture of Stampi: MPI Library on a Cluster of Parallel Computers",
year =2000,
booktitle="EuroPVM/MPI2000",
editor="J.Dongarra et al.",
publisher="Springer-Verlag Berlin Heidelberg",
pages="200-207"
}
@Article{Meurer:2000:top500,
author ="Hans W. Meurer",
title="TOP500 Supercomputer Sites",
edition="16",
year="2000",
month="Nov"
}
@InProceedings{Roy:2000,
author = "Alain Roy, Ian Foster, William Gropp, Brian Toonen",
title = "MPICH-GQ: Quality-of-Service for Message Passing Programs",
year =2000,
booktitle="SC2000",
}

@Article{Flynn:1972:SCOE,
author="M. Flynn",
title="Some Computer Organizations and their Effectiveness",
year=1972,
journal="IEEE TOC Band C-21 Heft 9",
pages="948-960"
}

@Article{Sunderam:1990:Concurrency,
author="V.S. Sunderam",
title="PVM: A Framework for Parallel Distributed Computing",
year=1990,
month="December",
journal=" Concurrency: Practice and Experience",
pages="315-339"
}

@Article{Beisel:1997,
author="T. Beisel, E. Gabriel, M. Resch",
title="'An Extension to MPI for Distributed Computing on MPPs",
year=1997,
journal=" Concurrency: Practice and Experience",
pages="75-83",
booktitle="Recent Advances in Parallel Virtual Machine and Message Passing Interface - Lecture Notes in Computer Science",
publisher="Springer Verlag"
}

@InProceedings{Worringen:2000:STSG,
  author = "Joachim Worringen",
  title  = "{SCI-MPICH: The Second Generation}",
  year   = "2000",
  booktitle ="SCI Europe 2000",
  pages   = "10-20"
}

@phdthesis{Worringen:2002:ENASCI,
  author =       "Joachim Worringen",
  title =        "Effizienter Nachrichtenaustausch auf speichergekoppelten Rechnerverbundsystemen mit SCI Verbindungsnetz",
  year =         "2003",
  school = "RWTH Aachen"
}

@phdthesis{Dormanns:1999:PANV,
  author =       "Marcus Dormanns",
  title =        "Parallelisierung gitterbasierter Algorithmen auf NUMA Verbundsystemen mit gemeinsamem Speicher",
  year =         "1999",
  school = "RWTH Aachen"
}

@Article{Gropp:1996:HPI,
  author =       "W. Gropp and E. Lusk and N. Doss and A. Skjellum",
  title =        "A high-performance, portable implementation of the
                 {MPI} message passing interface standard",
  journal =      "Parallel Computing",
  volume =       "22",
  number =       "6",
  pages =        "789--828",
  month =        sep,
  year =         "1996"
}

@Article{Gropp:1997:HPM,
  author =       "W. Gropp and E. Lusk",
  title =        "A high-performance {MPI} implementation on a
                 shared-memory vector supercomputer",
  journal =      "Parallel Computing",
  volume =       "22",
  number =       "11",
  pages =        "1513--1526",
  month =        jan,
  year =         "1997",
}

@Article{Gropp:1997:SMC,
  author =       "W. Gropp and E. Lusk",
  title =        "Sowing {MPICH}: {A} Case Study in the Dissemination of
                 a Portable Environment for Parallel Scientific
                 Computing",
  journal =      "The International Journal of Supercomputer
                 Applications and High Performance Computing",
  volume =       "11",
  number =       "2",
  pages =        "103--114",
  month =        "Summer",
  year =         "1997",
}
@Article{Butler:x:x,
  author =       "R. Butler and E. Lusk",
  title =        "Monitors, Messages, and Clusters:The p4 Parallel Programming System"
}
@Article{Hempel:1999,
  author="Rolf Hempel und David W. Walker",
  title="The Emergence of the MPI Message Passing Standard for Parallel Computing",
  year="1999",
  month="January"
}
@Article{MPIForum:1994:MPI,
  title="{MPI}: A message-passing interface standard",
  journal="International Journal of Supercomputing Applications",
  author="{MPI Forum}",
  year=1994
}

@InProceedings{Gropp:1994:MCL,
  author =       "W. Gropp and E. Lusk",
  title =        "The {MPI} communication library: its design and a
                 portable implementation",
  booktitle =    "Proceedings of the Scalable Parallel Libraries
                 Conference, October 6--8, 1993, Mississippi State,

                 Mississippi",
  publisher =    "IEEE Computer Society Press",
  address =      "1109 Spring Street, Suite 300, Silver Spring, MD
                 20910, USA",
  year =         "1994",
  ISBN =         "0-8186-4980-1",
  pages =        "160--165",
  conftitle =    "Proceedings of Scalable Parallel Libraries
                 Conference",
  sponsororg =   "Mississippi State Univ.; Nat. Sci. Found",
}

@Manual{mpich-install,
  title =        {Installation Guide for {\tt mpich}, a Portable
                  Implementation of {MPI}},
  author =       {William D. Gropp and Ewing Lusk},
  note = "ANL-96/5",
  organization = {Mathematics and Computer Science Division,
                  Argonne National Laboratory},
  year =         1996
}

@Manual{mpich-user,
  title =        {User's Guide for {\tt mpich}, a Portable
                  Implementation of {MPI}},
  author =       {William D. Gropp and Ewing Lusk},
  note =       "ANL-96/6",
  organization = {Mathematics and   Computer Science Division,
                  Argonne National Laboratory},
  year =         1996
}

@Manual{ROMIOUsers,
  title =        {Users Guide for {ROMIO}: A High-Performance, Portable
                  {MPI-IO} Implementation},
  author =       {Rajeev Thakur and William Gropp and Ewing Lusk},
  organization = {Mathematics and Computer Science Division, Argonne
                  National Laboratory},
  year =         1997,
  month =        Oct,
  note =         {ANL/MCS-TM-234}
}
% Webpages

@Misc{SETIatHome,
	howpublished = {http://setiathome.ssl.berkeley.edu/index.html},
	author = {SETI@home}
}

@Misc{GlobusWWW,
	howpublished = {http://www.globus.org},
	author = {Globus}
}

@Misc{Legion,
	howpublished = {http://legion.virginia.edu},
	author = {Legion}
}

@Misc{SGE,
	howpublished = {http://wwws.sun.com/software/gridware},
	title = "{Sun Grid Engine (SGE)}",
	author = "{Sun Microsystems}"
}

@Misc{MICO,
	howpublished = {http://www.mico.org},
	author = {MICO}
}

@Misc{ROFES,
	howpublished = {http://www.rofes.de},
	author = {ROFES}
}

@Misc{TAO,
	howpublished = {http://www.cs.wustl.edu/\verb|~|schmidt/TAO.html},
	author = {TAO}
}

@Misc{JacORB,
	howpublished = {http://www.jacorb.org},
	author = {JacORB}
}



% ATM

@Book{atm-technik-und-einfuehrung,
  title = {ATM - Technik und Einführung},
  author= {Wolfgang Riggert},
  publisher={bhv Verlags GmbH},
  year= 1998
}

@Book{einfuehrung-in-die-datenkommunikation,
  title = {Einführung in die Datenkommunikation},
  author= {Franz-Joachim Kauffels},
  publisher={DATACOM Buchverlag GmbH},
  year= 1996
}

@Book{asynchonous-transfer-mode,
  title = {Asynchonous Transfer Mode},
  author= {Martin de Prycker},
  publisher={Prentice Hall Verlag GmbH},
  year= 1996
}

@TechReport{GTBW:2000,
  author =       "{Eickermann, V\"olpel, Wunderling}",
  title =        "{Gigabit Testbed West Abschluss\-bericht}",
  institution=   "{Forschungszentrum J\"ulich}",
  month =        "March",
  year =         "2000"
}

@Manual{MP-MPICH:manual,
  author =       "{J. Worringen and K. Scholtyssik}",
  title =        "{MP-MPICH, user documentation \& technical notes}",
  organization = "{Lehrstuhl f\"ur Betriebs\-systeme,
                  RWTH Aachen}",
  year =         "2002",
}

@Manual{Meta-MPICH:manual,
  author =       "{M. P\"oppe and J. Worringen}",
  title =        "{Meta-MPICH, user documentation \& technical notes}",
  organization = "{Lehrstuhl f\"ur Betriebs\-systeme,
                  RWTH Aachen}",
  year =         "2002"
}


%SCI related
@TechReport{IEEE:SCI,
   author = "{IEEE}",
   title = "{ANSI/IEEE Std. 1596-1992, Scalable Coherent Interface (SCI)}",
   institution = "{IEEE}",
   year = "1992"
}

%parallel tools
@Article{topsys:92,
  author="{T. Bemmerl and B. Ries}",
  title="Programming Tools for Distributed Multiprocessor Computing Environments",
  institution={Intel GmbH, European Supercomputer Development Center},
  journal="International Journal of High Speed Computing, Vol.5 No.4",
  pages="595-615",
  year="1992",
  month="January"
}


% Operating System
@Book{design_of_unix:86,
  title = {The Design of the UNIX Operating System},
  author= {Maurice J. Bach},
  publisher={Prentice-Hall Software Series. Prentice-Hall, Englewood Cliffs, N.J. 07632},
  year= 1986,
  isbn="0-13-201757-1"
}

% Paragon
@InProceedings{paragon:arch:93,
   author = "{R\"udiger Esser, Renate Knecht}",
   title = "{Intel Paragon XP/S - Architecture and Software Environment}",
   Booktitle = "Supercomputer '93 - Anwendungen, Architekuturen, Trends",
   pages="121-141",
   address = "Mannheim",
   month = "Juni",
   year = "1993"
}
@Book{Paragon:intel:94,
   author = "{Scalable Systems Division Intel Corporation}",
   title = "Intel Paragon Supercomputers",
   year = "1993"
}
@InProceedings{Mach:DMM:96,
   author = "{Stephan Zeisset, Stefan Tritschner, Martin Mairandres}",
   title = "A New Approach to Distributed Memory Management in the Mach Microkernel",
   Booktitle = "USENIX Annual Technical Conference",
   address = "San Diego",
   month = "January",
   year = "1996"
}


% LfBS

@InProceedings{metampich:02,
   author = "{M. P\"oppe and S. Schuch and T. Bemmerl}",
   title = "{A Message Passing Interface Library for Inhomogeneous Coupled Clusters}",
   Booktitle = "Proceedings of ACM/IEEE International Parallel and Distributed Processing Symposium (IPDPS 2003)",
   address = "Nice, France",
   month = "April",
   year = "2003"
}


@InProceedings{remotemem:02,
   author = "{J. Worringen and A. G\"aer and F. Reker}",
   title = "{Exploiting Transparent Remote Memory Access for Non-Contiguous and One-Sided-Communication}",
   Booktitle = "Proceedings of ACM/IEEE International Parallel and Distributed Processing Symposium (IPDPS 2002)",
   address = "Fort Lauderdale, USA",
   month = "April",
   year = "2002"
}

@InProceedings{SCI:mem:93,
   author = "{F. Seifert and J. Worringen and W. Rehm:}",
   title = "{Using Arbitrary Memory Regions for SCI Communication}",
   Booktitle = "Proceedings SCI Europe 2001",
   pages="59-64",
   address = "Dublin, Ireland",
   month = "October",
   year = "2001"
}

@inProceedings{SCI:GROMOS:99,
   author = "{M. Dormanns}",
   title = "{Shared-Memory Parallelization of the GROMOS96 Molecular Dynamics Code}",
   editor="H. Hellwagner and A. Reinefeld (eds.)",
   publisher="Springer Verlag",
   Booktitle = "SCI: Scalable Coherent Interface",
   year = "1999"
}

@inProceedings{SCI:SMI:99,
   author = "M. Dormanns and K. Scholtyssik and T. Bemmerl",
   title = "{A Shared-Memory Programming Interface for SCI Clusters}",
   editor="H. Hellwagner and A. Reinefeld (eds.)",
   publisher="Springer Verlag",
   Booktitle = "SCI: Scalable Coherent Interface",
   year = "1999",
   pages="281-290"
}


%PACX
@inProceedings{PACX:98,
   author = "Edgar Gabriel and Michael Resch and  Thomas Beisel and Rainer Keller",
   title = "{Distributed Computing in a Heterogeneous Computing Environment}",
   Booktitle = "Proceedings PVM/MPI 1998",
   pages="180-187",
   year = "1998"
}
 %ATM

@inproceedings{ hawick97atmbased,
    author = "K. A. Hawick and H. A. James and K. J. Maciunas and F. A. Vaughan and A. L. Wendelborn and M. Buchhorn and M. Rezny and S. R. Taylor and M. D. Wilson",
    title = "An {ATM}-based {D}istributed {H}igh {P}erformance {C}omputing {S}ystem",
    booktitle = "Proc. of High Performance Computing and Networks ({HPCN}) Europe '97, Vienna",
    year = "1997"
}

%XML

@Manual{W3C00,
   organization = "W3C Recommendation 6 October 2000",
   title = "Extensible Markup Language (XML) 1.0 ",
   edition = "second",
   year = "2000"
}




%Globus
@STRING{ ACM-P = "ACM Press"}
@STRING{ IEEE-P = "IEEE Computer Society Press"}
@STRING{ PARCOMP = "Parallel Computing"}
@STRING{ JPDC = "Journal of Parallel and Distributed Computing"}
@STRING{ HPDC6 = "Proc. 6th IEEE Symp. on High Performance Distributed Computing"}
@STRING{ HPDC8 = "Proc. 8th IEEE Symp. on High Performance Distributed Computing"}
@STRING{ ACM-P = "ACM Press"}
@STRING{ SIAM99 = "Proceedings of the Ninth SIAM Conference on Parallel Processing for Scientific Computing"}
@article{mpi-nexus-pc,
	author={I. Foster and J. Geisler and W. Gropp and N. Karonis and E. Lusk and G.
		Thiruvathukal and S. Tuecke},
	title={{A} Wide-Area Implementation of the {M}essage {P}assing {I}nterface},
	journal= PARCOMP,
	volume= 24,
	year= 1998,
	number= 12
}

@inproceedings{GlobusHCW98,
	author={I. Foster and C. Kesselman},
	title={The {G}lobus Project: A Status Report},
	booktitle={Proceedings of the Heterogeneous Computing Workshop},
	year= 1998 ,
	publisher= IEEE-P,
	pages={4--18}
}

@incollection{GlobusSecurity,
	author={I. Foster and C. Kesselman and G. Tsudik and S. Tuecke},
	title={A Security Architecture for Computational Grids},
	booktitle={ACM Conference on Computers and Security},
	publisher= ACM-P,
	year= 1998 ,
	pages={83--91}
}

@inproceedings{hcw-sf-express,
	author={S. Brunett and D. Davis and T. Gottschalk and P. Messina and C. Kesselman},
	title={Implementing Distributed Synthetic Forces Simulations in Metacomputing Environments},
	booktitle={Proceedings of the Heterogeneous Computing Workshop},
	year= 1998 ,
	publisher= IEEE-P,
	pages={29--42}
}

@article{Globus,
	author={I. Foster and C. Kesselman},
	title={Globus: A Metacomputing Infrastructure Toolkit},
	journal= {IJSA},
	volume= 11,
	year= 1997,
	pages={115--128},
	number= 2
}

@article{JPDCNexus,
	author={I. Foster and C. Kesselman and S. Tuecke},
	title={The {N}exus Approach to Integrating Multithreading and Communication},
	journal= JPDC,
	volume= 37,
	year= 1996 ,
	pages={70--82}
}

@incollection{Nexus,
	author={I. Foster and C. Kesselman and S. Tuecke},
	title={The {N}exus task-parallel runtime system},
	booktitle={Proc. 1st Intl Workshop on Parallel Processing},
	publisher={Tata McGraw Hill},
	year= 1994,
	pages={457--462}
}

@incollection{MultiMethod,
	author={I. Foster and J. Geisler and C. Kesselman and S. Tuecke},
	title={Multimethod Communication for High-performance Metacomputing Applications},
	booktitle= SC96,
	publisher= ACM-P,
	year= 1996
}

@article{MultiMethodJPDC,
	author={I. Foster and J. Geisler and C. Kesselman and S. Tuecke},
	title={Managing Multiple Communication Methods in High-performance Networked Computing
		Systems},
	journal= JPDC,
	volume= 40,
	year= 1997,
	pages={35--48}
}

@incollection{mpi-nexus,
	author={I. Foster and J. Geisler and S. Tuecke},
	title={{MPI} on the {I-WAY}: {A} Wide-Area, Multimethod Implementation of the {M}essage
		{P}assing {I}nterface},
	booktitle= MDC96,
	publisher= IEEE-P,
	year= 1996,
	pages={10--17}
}

@article{Vis5Di,
	author={W. Hibbard and J. Anderson and I. Foster and B. Paul and C. Schafer and
		M. Tyree},
	title={Exploring Coupled Atmosphere-Ocean Models using {Vis5D}},
	journal= {IJSA},
	volume= 10,
	year= 1996 ,
	pages={211--222},
	number= 2
}

@techreport{Nexus-spec,
	author={I. Foster and C. Kesselman and R. Olson and S. Tuecke},
	title={{N}exus: An Interoperability toolkit for parallel and distributed computer
		systems},
	institution= ANL,
	year= 1993 ,
	type= TR,
	address= Argonne,
	number={ANL/MCS-TM-189}
}

@incollection{NexusJava,
	author={I. Foster and S. Tuecke},
	title={Enabling Technologies for Web-Based Ubiquitous Supercomputing},
	booktitle= HPDC5,
	publisher= IEEE-P,
	year= 1996,
	pages={112--119}
}

@incollection{isoftp,
	author={I. Foster and J. Geisler and W. Nickless and W. Smith and S. Tuecke},
	title={Software Infrastructure for the {I-WAY} High-Performance Distributed Computing
		Experiment},
	booktitle= HPDC5,
	publisher= IEEE-P,
	year= 1996,
	pages={562--571}
}

@inproceedings{Zipper,
	author={I. Foster and N.T. Karonis and C. Kesselman and G. Koenig and S. Tuecke},
	title={A Secure Communications Infrastructure for High-Performance Distributed
		Computing},
	booktitle= HPDC6,
	year= 1997,
	publisher= IEEE-P,
	pages={125--136}
}

@inproceedings{mds97,
	author={S. Fitzgerald and I. Foster and C. Kesselman and G. {von Laszewski} and
		W. Smith and S. Tuecke},
	title={A Directory Service for Configuring High-performance Distributed Computations},
	booktitle= HPDC6,
	year= 1997,
	publisher= IEEE-P,
	pages={365--375}
}

@inproceedings{RIO97,
	author={I. Foster and D. Kohr and R. Krishnaiyer and J. Mogill},
	title={Remote {I/O}: Fast Access to Distant Storage},
	booktitle={Proc.\ IOPADS'97},
	year= 1997,
	publisher= ACM-P,
	pages={14--25}
}

@article{isoftcpe,
	author={I. Foster and J. Geisler and W. Nickless and W. Smith and S. Tuecke},
	title={Software Infrastructure for the {I-WAY} Metacomputing Experiment},
	journal= CP&E,
	year= 1998,
	note={to appear}
}

@inproceedings{Warren,
	author={W. Smith and I. Foster and V. Taylor},
	title={Predicting Application Run Times Using Historical Information},
	booktitle={The 4th Workshop on Job Scheduling Strategies for Parallel Processing},
	year= 1998
}

@inproceedings{GRAM97,
	author={K. Czajkowski and I. Foster and N. Karonis and C. Kesselman and S. Martin
		and W. Smith and S. Tuecke},
	title={A Resource Management Architecture for Metacomputing Systems},
	booktitle={The 4th Workshop on Job Scheduling Strategies for Parallel Processing},
	year= 1998,
	publisher={Springer-Verlag LNCS 1459},
	pages={62--82}
}

@book{GridBook,
	title={The Grid: Blueprint for a Future Computing Infrastructure},
	publisher= MORGAN-KAUFMANN,
	year= 1999,
	editor={I. Foster and C. Kesselman}
}

@incollection{GlobusChapter,
	author={I. Foster and C. Kesselman},
	title={Globus: A Toolkit-Based Grid Architecture},
	booktitle={The Grid: Blueprint for a Future Computing Infrastructure},
	publisher= MORGAN-KAUFMANN,
	year= 1998,
	pages={259--278}
}

@incollection{MPICH-G,
	author={I. Foster and N. Karonis},
	title={A Grid-Enabled {MPI}: Message Passing in Heterogeneous Distributed Computing
		Systems},
	booktitle={Proceedings of SC'98},
	publisher= ACM-P,
	year= 1998
}

@incollection{GASS99,
	author={Joseph Bester and Ian Foster and Carl Kesselman and Jean Tedesco and Steven
		Tuecke},
	title={{GASS}: {A} Data Movement and Access Service for Wide Area Computing Systems},
	booktitle={Proc.\ IOPADS'99},
	publisher= ACM-P,
	year= 1999
}

@incollection{GlobusApps98,
	author={Sharon Brunett and Karl Czajkowski and Steven Fitzgerald and Ian Foster
		and Andrew Johnson and Carl Kesselman and Jason Leigh and Steven Tuecke},
	title={Application Experiences with the {G}lobus Toolkit},
	booktitle= HPDC7,
	year= 1998,
	pages={81--89}
}

@inproceedings{APSgca,
	author={Gregor von Laszewski and Ian Foster and Joseph A. Insley and John Bresnahan
		and Carl Kesselman Mei Su and Marcus Thiebaux and Mark L. Rivers and Ian
		McNulty and Brian Tieman and Steve Wang},
	title={Real-time Analysis, Visualization, and Steering of Microtomography Experiments
		at Photon Sources},
	booktitle= SIAM99,
	year= 1999,
	publisher={SIAM}
}

@inproceedings{CactusApp,
	author={Werner Benger and Ian Foster and Jason Novotny and Edward Seidel and John
		Shalf and Warren Smith and Paul Walker},
	title={Numerical Relativity in a Distributed Environment},
	booktitle= SIAM99,
	year= 1999,
	publisher={SIAM}
}

@inproceedings{CoAllocation99,
	author={Karl Czajkowski and Ian Foster and Carl Kesselman},
	title={Co-allocation Services for Computational Grids},
	booktitle= HPDC8,
	year= 1999,
	publisher= IEEE-P
}

@techreport{BB99,
	author={G. Hoo and W. Johnston and I. Foster and A. Roy},
	title={{QoS} as middleware: Bandwidth broker system design},
	institution={LBNL},
	year= 1999
}

@inproceedings{GARA99,
	author={I. Foster and C. Kesselman and C. Lee and R. Lindell and K. Nahrstedt and
		A. Roy},
	title={A Distributed Resource Management Architecture that Supports Advance Reservations
		and Co-Allocation},
	booktitle={Proceedings of the International Workshop on Quality of Service},
	year= 1999
}

@inproceedings{,
	author={Lee,~C., Wolski,~R., Foster,~I., Kesselman,~C., Stepanek,~J.},
	title={A Network Performance Tool for Grid Computations},
	booktitle={Supercomputing `99},
	optyear={1999},
	optmonth={Nov.}
}

@article{mpich-g2,
	author={N. Karonis and B. Toonen and I. Foster},
	title={{MPICH-G2}: {A} grid-enabled Implementation of the {M}essage {P}assing {I}nterface},
	journal= JPDC,
	volume= 63,
	year= 2003,
	pages={551 -- 563},
	number= 5
}

@article{mpich-g2-igrid02,
	author={N. Karonis and M. Papka and J. Binns and J. Bresnahan and J. Insley and
		D. Jones and J. Link},
	title={High-Resolution Remote Rendering of Large Datasets in a Collaborative Environment},
	journal={Future Generation of Computer Systems},
	volume= 19,
	year= 2003,
	pages={909 -- 917},
	number= 6
}

